<?xml version="1.0" encoding="UTF-8"?><collection xmlns="http://www.loc.gov/MARC21/slim"><record><leader>00712nam--2200217-i-4500</leader><controlfield tag="001">000012337</controlfield><controlfield tag="002">20161230</controlfield><controlfield tag="005">20161230201029</controlfield><controlfield tag="008">060222s1000------------r-----000-0-eng-d</controlfield><datafield ind1=" " ind2=" " tag="020"><subfield code="a">019851283X</subfield></datafield><datafield ind1=" " ind2=" " tag="040"><subfield code="a">IFIN-HH</subfield></datafield><datafield ind1=" " ind2=" " tag="080"><subfield code="a">539.124.6</subfield></datafield><datafield ind1="1" ind2=" " tag="100"><subfield code="a">Massey, H.S.W</subfield></datafield><datafield ind1="1" ind2="0" tag="245"><subfield code="a">Electronic and ionic impact phenomena</subfield><subfield code="b">Volume v: slow positron and muon collisions and notes on recent advances</subfield><subfield code="c">H.s.w. massey, e.h.s. burhop, h.b. gilbody (eds.)</subfield></datafield><datafield ind1=" " ind2=" " tag="250"><subfield code="a">Second Edition In Five Volumes</subfield></datafield><datafield ind1=" " ind2=" " tag="260"><subfield code="a">Oxford</subfield><subfield code="b">At The Clarendon Press</subfield><subfield code="c">1974</subfield></datafield><datafield ind1=" " ind2=" " tag="300"><subfield code="a">XV + 3124 -3689 P. + 11 P</subfield></datafield><datafield ind1="1" ind2=" " tag="700"><subfield code="a">Burhop, E.H.S</subfield><subfield code="e">Ed</subfield></datafield><datafield ind1=" " ind2=" " tag="700"><subfield code="a">Gilbody, H.B</subfield><subfield code="e">Ed</subfield></datafield><datafield ind1=" " ind2=" " tag="852"><subfield code="a">45360</subfield><subfield code="c">539.12</subfield></datafield><datafield ind1=" " ind2=" " tag="CAT"><subfield code="a">Sys</subfield><subfield code="c">20111128</subfield><subfield code="h">164635</subfield></datafield></record></collection>